@misc{kalmanFilterWiki,
    title = {{Kalman Filter} Wikipedia},
    howpublished = {\url{https://fr.wikipedia.org/wiki/Filtre_de_Kalman}},
    note = {Accessed: 2022-11-02}
}

@misc{kalmanFilterMATLAB,
    title = {{Kalman Filter} MATLAB},
    howpublished = {\url{https://fr.mathworks.com/matlabcentral/fileexchange/88867-basic-kalman-filter-algorithm}},
    note = {Accessed: 2022-11-01}
}

@misc{kalmanFilterMonashUniversity,
    title = {Kalman Filter Understanding and Applying},
    howpublished = {\url{https://www.cs.cmu.edu/~motionplanning/papers/sbp_papers/kalman/kleeman_understanding_kalman.pdf}},
    note = {Accessed: 2022-10-30}
}

@misc{secondOrderProcess,
    title = {{Statistique} What is a second order stationary?},
    howpublished = {\url{https://stats.stackexchange.com/questions/65353/what-is-a-second-order-stationary-process}},
    note = {Accessed: 2022-10-29}
}

@misc{secondOrderProcessEquation,
    title = {{Signal} Théorie du Signal},
    howpublished = {\url{https://claude-gimenes.fr/signal/theorie-du-signal/-iv-signaux-aleatoires}},
    note = {Accessed: 2022-10-30}
}

@misc{bruitBlanc,
    title = {{EASI 742} Cours Signal Aléatoire},
    howpublished = {\url{https://www.univ-smb.fr/listic/wp-content/uploads/sites/66/2019/02/courseasi742.pdf}},
    note = {Accessed: 2022-10-31}
}

@misc{bruitBlancMATLAB,
    title = {{Bruit Blanc Gaussien} },
    howpublished = {\url{https://www.developpez.net/forums/d268888/environnements-developpement/matlab/signal/bruit-blanc-gaussien/}},
    note = {Accessed: 2022-11-01}
}

@misc{bruitBlancMATLABrand,
    title = {{Générer Bruit Blanc sous MATLAB}},
    howpublished = {\url{https://forums.futura-sciences.com/mathematiques-superieur/379355-generer-bruit-blanc-matlab.html}},
    note = {Accessed: 2022-11-01}
}

@misc{bruitBlancMATLABwgn,
    title = {{Bruit Blanc MATLAB}},
    howpublished = {\url{https://www.delftstack.com/fr/howto/matlab/white-noise-matlab/}},
    note = {Accessed: 2022-11-02}
}

@misc{awgnMATLAB,
    title = {{Documentation} awgn},
    howpublished = {\url{https://fr.mathworks.com/help/comm/ref/awgn.html}},
    note = {Accessed: 2022-10-29}
}

@misc{wgnMATLAB,
    title = {{Documentation} wgn},
    howpublished = {\url{https://fr.mathworks.com/help/comm/ref/wgn.html}},
    note = {Accessed: 2022-10-29}
}

@misc{randnMATLAB,
    title = {{Documentation} randn},
    howpublished = {\url{https://fr.mathworks.com/help/matlab/ref/randn.html}},
    note = {Accessed: 2022-10-29}
}

@misc{additiveNoise,
    title = {{Additive White Gaussian Noise}},
    howpublished = {\url{https://en.wikipedia.org/wiki/Additive_white_Gaussian_noise}},
    note = {Accessed: 2022-11-03}
}

@misc{riccatiEquation,
    title = {{Algebraic Riccati Equation}},
    howpublished = {\url{https://en.wikipedia.org/wiki/Algebraic_Riccati_equation}},
    note = {Accessed: 2022-10-28}
}

@misc{jacobianMatrix,
    title = {{The Jacobian Matrix}},
    howpublished = {\url{https://www.youtube.com/watch?v=bohL918kXQk}},
    note = {Accessed: 2022-11-01}
}

@misc{jacobianMatrixComputation,
    title = {{The Jacobian Matrix Computation}},
    howpublished = {\url{https://www.youtube.com/watch?v=CGbBbH1e7Yw}},
    note = {Accessed: 2022-11-01}
}

@misc{jacobian,
    title = {{Jacobian Matrix and Determinant}},
    howpublished = {\url{https://en.wikipedia.org/wiki/Jacobian_matrix_and_determinant}},
    note = {Accessed: 2022-10-30}
}

@misc{covarianceJacobianDifference,
    title = {{Relation Between Covariance and Jacobian} },
    howpublished = {\url{https://stats.stackexchange.com/questions/231868/relation-between-covariance-matrix-and-jacobian-in-nonlinear-least-squares}},
    note = {Accessed: 2022-11-01}
}

@misc{jacobianCovariance,
    title = {{Jacobian and Covariance Matrices} },
    howpublished = {\url{https://sourceforge.isae.fr/svn/dcas-soft-espace/support/softs/CelestLab/trunk/help/en_US/scilab_en_US_help/jacobian%20matrices.html}},
    note = {Accessed: 2022-10-30}
}

@misc{cellMATLAB,
    title = {{Storing Multiple Matrices}},
    howpublished = {\url{https://fr.mathworks.com/matlabcentral/answers/70824-storing-multiple-matrices-from-a-for-loop}},
    note = {Accessed: }
}